@book{book:stress_of_life,
  author={Selye, Hans},
  title={The stress of life},
  isbn={0070562121},
  publisher={McGraw-Hill New York},
  year={1976},
  type={Book},
  subjects={Stress (Physiology); Adaptation (Physiology); Stress.}
}

@article{article:eustress_distress,
  author={Dr. Hans Selye M.D., Ph.D., D.Sc.},
  title={Confusion and Controversy in the Stress Field},
  journal={Journal of Human Stress},
  volume={1},
  pages={37-44},
  year={1975},
  publisher={Taylor & Francis},
  doi={10.1080/0097840X.1975.9940406}
}

@article{article:stress_and_illness,
  author={Razali Salleh, Mohd},
  year={2008},
  pages={9-18},
  title={Life Event, Stress and Illness},
  volume={15},
  journal={The Malaysian journal of medical sciences : MJMS}
}

@book{article:hrv_stress,
  author={Taelman, Joachim and Vandeput, S. and Spaepen, A. and Van Huffel, S.},
  title={Influence of Mental Stress on Heart Rate and Heart Rate Variability},
  booktitle={4th European Conference of the International Federation for Medical and Biological Engineering},
  year={2009},
  publisher={Springer Berlin Heidelberg},
  pages={1366-1369},
  isbn={978-3-540-89208-3}
}

@book{article:hrv_reliability,
  author={Mesquita, Ricardo and Kyröläinen, Heikki and Schäfer Olstad, Daniela},
  year={2017},
  month={04},
  pages={64-68},
  title={Reliability and validity of time domain heart rate variability during daily routine activities - An alternative to the morning orthostatic test?},
  volume={9},
  journal={Biomedical Human Kinetics}
}

@inproceedings{article:accelerometer_hrv_1,
  author={Sun, Feng-Tso and Kuo, Cynthia and Cheng, Heng-Tze and Buthpitiya, Senaka and Collins, Patricia and Griss, Martin},
  title={Activity-Aware Mental Stress Detection Using Physiological Sensors},
  booktitle={Mobile Computing, Applications, and Services},
  publisher={Springer Berlin Heidelberg},
  year={2012},
  pages={211-230},
  isbn={978-3-642-29336-8}
}

@inproceedings{article:accelerometer_hrv_2,
  author={M. Wu and H. Cao and H. L. Nguyen and K. Surmacz and C. Hargrove},
  booktitle={2015 37th Annual International Conference of the IEEE Engineering in Medicine and Biology Society (EMBC)},
  title={Modeling perceived stress via HRV and accelerometer sensor streams},
  year={2015},
  pages={1625-1628},
  doi={10.1109/EMBC.2015.7318686}
}

@article{article:cheap_hrm,
  author={Salai, Mario and Vassányi, István and Kósa, István},
  year={2016},
  month={06},
  pages={1-13},
  title={Stress Detection Using Low Cost Heart Rate Sensors},
  volume={2016},
  journal={Journal of Healthcare Engineering}
}

@article{article:activity_index,
  author={Bai, Jiawei AND Di, Chongzhi AND Xiao, Luo AND Evenson, Kelly R. AND LaCroix, Andrea Z. AND Crainiceanu, Ciprian M. AND Buchner, David M.},
  journal={PLOS ONE},
  publisher={Public Library of Science},
  title={An Activity Index for Raw Accelerometry Data and Its Comparison with Other Activity Metrics},
  year={2016},
  volume={11},
  url={https://doi.org/10.1371/journal.pone.0160644},
  pages={1-14},
  doi={10.1371/journal.pone.0160644}
}

@article{article:alpha_amylase,
  title={Stress-induced changes in human salivary alpha-amylase activity—associations with adrenergic activity},
  journal={Psychoneuroendocrinology},
  volume={31},
  pages={49-58},
  year={2006},
  doi={https://doi.org/10.1016/j.psyneuen.2005.05.010},
  author={Urs Markus Nater and Roberto La Marca and Ladina Florin and Anthony Moses and Wolfgang Langhans and Markus M. Koller and Ulrike Ehlert}
}

@article{article:not_metronome,
  author={Shaffer, Fred and McCraty, Rollin and Zerr, Christopher L.},
  title={A healthy heart is not a metronome: an integrative review of the heart's anatomy and heart rate variability},
  journal={Frontiers in Psychology},
  volume={5},
  pages={1040},
  year={2014},
  doi={10.3389/fpsyg.2014.01040}
}
